
   <marc:record>
      <marc:leader>     ccm a22        4500</marc:leader>
      <marc:controlfield tag="001">488491878</marc:controlfield>
      <marc:controlfield tag="003">DE-576</marc:controlfield>
      <marc:controlfield tag="005">20170624110243.0</marc:controlfield>
      <marc:controlfield tag="007">qu</marc:controlfield>
      <marc:controlfield tag="008">170511s1981    xx ||||| |||| ||| | rus c</marc:controlfield>
      <marc:datafield tag="028" ind1="2" ind2="2">
         <marc:subfield code="a">11384</marc:subfield>
      </marc:datafield>
      <marc:datafield tag="035" ind1=" " ind2=" ">
         <marc:subfield code="a">(DE-627)1558491872</marc:subfield>
      </marc:datafield>
      <marc:datafield tag="035" ind1=" " ind2=" ">
         <marc:subfield code="a">(DE-576)488491878</marc:subfield>
      </marc:datafield>
      <marc:datafield tag="035" ind1=" " ind2=" ">
         <marc:subfield code="a">(DE-599)BSZ488491878</marc:subfield>
      </marc:datafield>
      <marc:datafield tag="035" ind1=" " ind2=" ">
         <marc:subfield code="a">(OCoLC)989949080</marc:subfield>
      </marc:datafield>
      <marc:datafield tag="040" ind1=" " ind2=" ">
         <marc:subfield code="a">DE-576</marc:subfield>
         <marc:subfield code="b">ger</marc:subfield>
         <marc:subfield code="c">DE-576</marc:subfield>
         <marc:subfield code="e">rda</marc:subfield>
      </marc:datafield>
      <marc:datafield tag="041" ind1=" " ind2=" ">
         <marc:subfield code="a">rus</marc:subfield>
         <marc:subfield code="a">por</marc:subfield>
      </marc:datafield>
      <marc:datafield tag="245" ind1="1" ind2="0">
         <marc:subfield code="a">Portugal'skie narodnye pesni</marc:subfield>
         <marc:subfield code="c">obrabotka dlja golosa v soprpvoždenii fortepiano V. Sibirskogo</marc:subfield>
      </marc:datafield>
      <marc:datafield tag="264" ind1=" " ind2="1">
         <marc:subfield code="a">Moskva</marc:subfield>
         <marc:subfield code="b">Izdatel'stvo "Muszyka"</marc:subfield>
         <marc:subfield code="c">1981</marc:subfield>
      </marc:datafield>
      <marc:datafield tag="300" ind1=" " ind2=" ">
         <marc:subfield code="a">1 Partitur (46 Seiten)</marc:subfield>
      </marc:datafield>
      <marc:datafield tag="336" ind1=" " ind2=" ">
         <marc:subfield code="a">Noten</marc:subfield>
         <marc:subfield code="b">ntm</marc:subfield>
         <marc:subfield code="2">rdacontent</marc:subfield>
      </marc:datafield>
      <marc:datafield tag="337" ind1=" " ind2=" ">
         <marc:subfield code="a">ohne Hilfsmittel zu benutzen</marc:subfield>
         <marc:subfield code="b">n</marc:subfield>
         <marc:subfield code="2">rdamedia</marc:subfield>
      </marc:datafield>
      <marc:datafield tag="338" ind1=" " ind2=" ">
         <marc:subfield code="a">Band</marc:subfield>
         <marc:subfield code="b">nc</marc:subfield>
         <marc:subfield code="2">rdacarrier</marc:subfield>
      </marc:datafield>
      <marc:datafield tag="348" ind1=" " ind2=" ">
         <marc:subfield code="a">Partitur</marc:subfield>
         <marc:subfield code="0">(DE-588)4173447-6</marc:subfield>
         <marc:subfield code="0">(DE-627)105379875</marc:subfield>
         <marc:subfield code="0">(DE-576)209950323</marc:subfield>
         <marc:subfield code="2">gnd-music</marc:subfield>
      </marc:datafield>
      <marc:datafield tag="700" ind1="1" ind2=" ">
         <marc:subfield code="a">Sibirskij, Viktor E.</marc:subfield>
         <marc:subfield code="e">ArrangeurIn</marc:subfield>
         <marc:subfield code="0">(DE-627)1358054827</marc:subfield>
         <marc:subfield code="0">(DE-576)288054822</marc:subfield>
         <marc:subfield code="4">arr</marc:subfield>
      </marc:datafield>
      <marc:datafield tag="935" ind1=" " ind2=" ">
         <marc:subfield code="c">muno</marc:subfield>
      </marc:datafield>
      <marc:datafield tag="951" ind1=" " ind2=" ">
         <marc:subfield code="a">BO</marc:subfield>
      </marc:datafield>
   </marc:record>