
   <marc:record>
      <marc:leader>     ccm a22        4500</marc:leader>
      <marc:controlfield tag="001">488491339</marc:controlfield>
      <marc:controlfield tag="003">DE-576</marc:controlfield>
      <marc:controlfield tag="005">20170624110243.0</marc:controlfield>
      <marc:controlfield tag="007">qu</marc:controlfield>
      <marc:controlfield tag="008">170511s1981    xx ||||| |||| ||| | zxx c</marc:controlfield>
      <marc:datafield tag="028" ind1="2" ind2="2">
         <marc:subfield code="a">8769</marc:subfield>
      </marc:datafield>
      <marc:datafield tag="035" ind1=" " ind2=" ">
         <marc:subfield code="a">(DE-627)1558491333</marc:subfield>
      </marc:datafield>
      <marc:datafield tag="035" ind1=" " ind2=" ">
         <marc:subfield code="a">(DE-576)488491339</marc:subfield>
      </marc:datafield>
      <marc:datafield tag="035" ind1=" " ind2=" ">
         <marc:subfield code="a">(DE-599)BSZ488491339</marc:subfield>
      </marc:datafield>
      <marc:datafield tag="035" ind1=" " ind2=" ">
         <marc:subfield code="a">(OCoLC)989949113</marc:subfield>
      </marc:datafield>
      <marc:datafield tag="040" ind1=" " ind2=" ">
         <marc:subfield code="a">DE-576</marc:subfield>
         <marc:subfield code="b">ger</marc:subfield>
         <marc:subfield code="c">DE-576</marc:subfield>
         <marc:subfield code="e">rda</marc:subfield>
      </marc:datafield>
      <marc:datafield tag="041" ind1=" " ind2=" ">
         <marc:subfield code="a">zxx</marc:subfield>
      </marc:datafield>
      <marc:datafield tag="100" ind1="1" ind2=" ">
         <marc:subfield code="a">Prokofʹev, Sergej Sergeevič</marc:subfield>
         <marc:subfield code="d">1891-1953</marc:subfield>
         <marc:subfield code="e">KomponistIn</marc:subfield>
         <marc:subfield code="0">(DE-588)118596721</marc:subfield>
         <marc:subfield code="0">(DE-627)079389228</marc:subfield>
         <marc:subfield code="0">(DE-576)162621620</marc:subfield>
         <marc:subfield code="4">cmp</marc:subfield>
      </marc:datafield>
      <marc:datafield tag="240" ind1="1" ind2="0">
         <marc:subfield code="a">Zoluška</marc:subfield>
         <marc:subfield code="s">Op. 97</marc:subfield>
         <marc:subfield code="0">(DE-588)30021944X</marc:subfield>
         <marc:subfield code="0">(DE-627)701797479</marc:subfield>
         <marc:subfield code="0">(DE-576)135584361</marc:subfield>
      </marc:datafield>
      <marc:datafield tag="245" ind1="1" ind2="0">
         <marc:subfield code="a">Desjat' p'es iz baleta "Zoluška"</marc:subfield>
         <marc:subfield code="b">op. 97 : dlja fortepiano = Ten pieces from the ballet "Cinderella"</marc:subfield>
         <marc:subfield code="c">S. Prokof'ev</marc:subfield>
      </marc:datafield>
      <marc:datafield tag="246" ind1="3" ind2="1">
         <marc:subfield code="a">Ten pieces from the ballet "Cinderella"</marc:subfield>
      </marc:datafield>
      <marc:datafield tag="264" ind1=" " ind2="1">
         <marc:subfield code="a">Moskva</marc:subfield>
         <marc:subfield code="b">Izdatel'stvo "Muzyka"</marc:subfield>
         <marc:subfield code="c">1981</marc:subfield>
      </marc:datafield>
      <marc:datafield tag="300" ind1=" " ind2=" ">
         <marc:subfield code="a">1 Klavierauszug (35 Seiten)</marc:subfield>
      </marc:datafield>
      <marc:datafield tag="336" ind1=" " ind2=" ">
         <marc:subfield code="a">Noten</marc:subfield>
         <marc:subfield code="b">ntm</marc:subfield>
         <marc:subfield code="2">rdacontent</marc:subfield>
      </marc:datafield>
      <marc:datafield tag="337" ind1=" " ind2=" ">
         <marc:subfield code="a">ohne Hilfsmittel zu benutzen</marc:subfield>
         <marc:subfield code="b">n</marc:subfield>
         <marc:subfield code="2">rdamedia</marc:subfield>
      </marc:datafield>
      <marc:datafield tag="338" ind1=" " ind2=" ">
         <marc:subfield code="a">Band</marc:subfield>
         <marc:subfield code="b">nc</marc:subfield>
         <marc:subfield code="2">rdacarrier</marc:subfield>
      </marc:datafield>
      <marc:datafield tag="348" ind1=" " ind2=" ">
         <marc:subfield code="a">Klavierauszug</marc:subfield>
         <marc:subfield code="0">(DE-588)4164058-5</marc:subfield>
         <marc:subfield code="0">(DE-627)105450227</marc:subfield>
         <marc:subfield code="0">(DE-576)209885742</marc:subfield>
         <marc:subfield code="2">gnd-music</marc:subfield>
      </marc:datafield>
      <marc:datafield tag="935" ind1=" " ind2=" ">
         <marc:subfield code="c">muno</marc:subfield>
      </marc:datafield>
      <marc:datafield tag="951" ind1=" " ind2=" ">
         <marc:subfield code="a">BO</marc:subfield>
      </marc:datafield>
   </marc:record>