
   <marc:record>
      <marc:leader>     ccm a22        4500</marc:leader>
      <marc:controlfield tag="001">486747344</marc:controlfield>
      <marc:controlfield tag="003">DE-576</marc:controlfield>
      <marc:controlfield tag="005">20210413114420.0</marc:controlfield>
      <marc:controlfield tag="007">qu</marc:controlfield>
      <marc:controlfield tag="008">170420s1980    xx ||||| |||| ||| | rus c</marc:controlfield>
      <marc:datafield tag="028" ind1="2" ind2="2">
         <marc:subfield code="a">10780</marc:subfield>
      </marc:datafield>
      <marc:datafield tag="035" ind1=" " ind2=" ">
         <marc:subfield code="a">(DE-627)1556747349</marc:subfield>
      </marc:datafield>
      <marc:datafield tag="035" ind1=" " ind2=" ">
         <marc:subfield code="a">(DE-576)486747344</marc:subfield>
      </marc:datafield>
      <marc:datafield tag="035" ind1=" " ind2=" ">
         <marc:subfield code="a">(DE-599)BSZ486747344</marc:subfield>
      </marc:datafield>
      <marc:datafield tag="035" ind1=" " ind2=" ">
         <marc:subfield code="a">(OCoLC)986527748</marc:subfield>
      </marc:datafield>
      <marc:datafield tag="040" ind1=" " ind2=" ">
         <marc:subfield code="a">DE-576</marc:subfield>
         <marc:subfield code="b">ger</marc:subfield>
         <marc:subfield code="c">DE-576</marc:subfield>
         <marc:subfield code="e">rda</marc:subfield>
      </marc:datafield>
      <marc:datafield tag="041" ind1=" " ind2=" ">
         <marc:subfield code="a">rus</marc:subfield>
         <marc:subfield code="a">fre</marc:subfield>
      </marc:datafield>
      <marc:datafield tag="100" ind1="1" ind2=" ">
         <marc:subfield code="6">880-01</marc:subfield>
         <marc:subfield code="a">Stravinsky, Igor</marc:subfield>
         <marc:subfield code="d">1882-1971</marc:subfield>
         <marc:subfield code="e">KomponistIn</marc:subfield>
         <marc:subfield code="0">(DE-588)118642545</marc:subfield>
         <marc:subfield code="0">(DE-627)134590201</marc:subfield>
         <marc:subfield code="0">(DE-576)163221278</marc:subfield>
         <marc:subfield code="4">cmp</marc:subfield>
      </marc:datafield>
      <marc:datafield tag="240" ind1="1" ind2="0">
         <marc:subfield code="a">Mouvements de Pétrouchka</marc:subfield>
         <marc:subfield code="0">(DE-588)300158009</marc:subfield>
         <marc:subfield code="0">(DE-627)701737042</marc:subfield>
         <marc:subfield code="0">(DE-576)135523931</marc:subfield>
      </marc:datafield>
      <marc:datafield tag="245" ind1="1" ind2="0">
         <marc:subfield code="6">880-01</marc:subfield>
         <marc:subfield code="a">Petruška</marc:subfield>
         <marc:subfield code="b">potešnye sceny v četyrech kartinach = Petrouchka</marc:subfield>
         <marc:subfield code="c">I. Stravinskij ; pereloženie dlja fortepiano S. Pavčinskogo</marc:subfield>
      </marc:datafield>
      <marc:datafield tag="246" ind1="3" ind2="1">
         <marc:subfield code="a">Petrouchka</marc:subfield>
      </marc:datafield>
      <marc:datafield tag="264" ind1=" " ind2="1">
         <marc:subfield code="6">880-01</marc:subfield>
         <marc:subfield code="a">Moskva</marc:subfield>
         <marc:subfield code="b">Izdatelʹstvo "Muzyka"</marc:subfield>
         <marc:subfield code="c">1980</marc:subfield>
      </marc:datafield>
      <marc:datafield tag="300" ind1=" " ind2=" ">
         <marc:subfield code="a">1 Klavierauszug (71 Seiten)</marc:subfield>
      </marc:datafield>
      <marc:datafield tag="336" ind1=" " ind2=" ">
         <marc:subfield code="a">Noten</marc:subfield>
         <marc:subfield code="b">ntm</marc:subfield>
         <marc:subfield code="2">rdacontent</marc:subfield>
      </marc:datafield>
      <marc:datafield tag="337" ind1=" " ind2=" ">
         <marc:subfield code="a">ohne Hilfsmittel zu benutzen</marc:subfield>
         <marc:subfield code="b">n</marc:subfield>
         <marc:subfield code="2">rdamedia</marc:subfield>
      </marc:datafield>
      <marc:datafield tag="338" ind1=" " ind2=" ">
         <marc:subfield code="a">Band</marc:subfield>
         <marc:subfield code="b">nc</marc:subfield>
         <marc:subfield code="2">rdacarrier</marc:subfield>
      </marc:datafield>
      <marc:datafield tag="348" ind1=" " ind2=" ">
         <marc:subfield code="a">Klavierauszug</marc:subfield>
         <marc:subfield code="0">(DE-588)4164058-5</marc:subfield>
         <marc:subfield code="0">(DE-627)105450227</marc:subfield>
         <marc:subfield code="0">(DE-576)209885742</marc:subfield>
         <marc:subfield code="2">gnd-music</marc:subfield>
      </marc:datafield>
      <marc:datafield tag="561" ind1=" " ind2=" ">
         <marc:subfield code="5">DE-996</marc:subfield>
         <marc:subfield code="3">Exemplarsatz-ID: 3906597512, Signatur: Bialik-17-03-12 2018/25337</marc:subfield>
         <marc:subfield code="a">Vorbesitz: Bjalik, Michail Grigorʹevič ; http://d-nb.info/gnd/1164716107 / Exemplar: Donator</marc:subfield>
      </marc:datafield>
      <marc:datafield tag="700" ind1="1" ind2=" ">
         <marc:subfield code="a">Benua, Aleksandr Nikolaevič</marc:subfield>
         <marc:subfield code="d">1870-1960</marc:subfield>
         <marc:subfield code="e">WidmungsempfängerIn</marc:subfield>
         <marc:subfield code="0">(DE-588)118655639</marc:subfield>
         <marc:subfield code="0">(DE-627)193000776</marc:subfield>
         <marc:subfield code="0">(DE-576)165591900</marc:subfield>
         <marc:subfield code="4">dte</marc:subfield>
      </marc:datafield>
      <marc:datafield tag="700" ind1="1" ind2=" ">
         <marc:subfield code="6">880-01</marc:subfield>
         <marc:subfield code="a">Pavčinskij, Sergej Ėrazmovič</marc:subfield>
         <marc:subfield code="e">ArrangeurIn</marc:subfield>
         <marc:subfield code="4">arr</marc:subfield>
      </marc:datafield>
      <marc:datafield tag="880" ind1="1" ind2=" ">
         <marc:subfield code="6">100-01/Cyrl</marc:subfield>
         <marc:subfield code="a">Стравинский, Игорь</marc:subfield>
         <marc:subfield code="e">KomponistIn</marc:subfield>
         <marc:subfield code="4">cmp</marc:subfield>
      </marc:datafield>
      <marc:datafield tag="880" ind1="1" ind2="0">
         <marc:subfield code="6">245-01/Cyrl</marc:subfield>
         <marc:subfield code="a">Петрушка</marc:subfield>
         <marc:subfield code="b">потешные сцены в четырех картинах</marc:subfield>
         <marc:subfield code="c">И. Стравинский ; переложение для фортепиано С. Павчинского</marc:subfield>
      </marc:datafield>
      <marc:datafield tag="880" ind1=" " ind2="1">
         <marc:subfield code="6">264-01/Cyrl</marc:subfield>
         <marc:subfield code="a">Москва</marc:subfield>
         <marc:subfield code="b">Издательство "Музыка"</marc:subfield>
         <marc:subfield code="c">1980</marc:subfield>
      </marc:datafield>
      <marc:datafield tag="880" ind1="1" ind2=" ">
         <marc:subfield code="6">700-01/Cyrl</marc:subfield>
         <marc:subfield code="a">Павчинский, Сергей Эразмович</marc:subfield>
         <marc:subfield code="e">ArrangeurIn</marc:subfield>
         <marc:subfield code="4">arr</marc:subfield>
      </marc:datafield>
      <marc:datafield tag="935" ind1=" " ind2=" ">
         <marc:subfield code="c">muno</marc:subfield>
      </marc:datafield>
      <marc:datafield tag="951" ind1=" " ind2=" ">
         <marc:subfield code="a">BO</marc:subfield>
      </marc:datafield>
   </marc:record>