
   <marc:record>
      <marc:leader>     cam a22        4500</marc:leader>
      <marc:controlfield tag="001">483181021</marc:controlfield>
      <marc:controlfield tag="003">DE-576</marc:controlfield>
      <marc:controlfield tag="005">20170310133827.0</marc:controlfield>
      <marc:controlfield tag="007">tu</marc:controlfield>
      <marc:controlfield tag="008">170207s1980    xx |||||      10| ||ger c</marc:controlfield>
      <marc:datafield tag="035" ind1=" " ind2=" ">
         <marc:subfield code="a">(DE-627)1553181026</marc:subfield>
      </marc:datafield>
      <marc:datafield tag="035" ind1=" " ind2=" ">
         <marc:subfield code="a">(DE-576)483181021</marc:subfield>
      </marc:datafield>
      <marc:datafield tag="035" ind1=" " ind2=" ">
         <marc:subfield code="a">(DE-599)BSZ483181021</marc:subfield>
      </marc:datafield>
      <marc:datafield tag="035" ind1=" " ind2=" ">
         <marc:subfield code="a">(OCoLC)974498808</marc:subfield>
      </marc:datafield>
      <marc:datafield tag="040" ind1=" " ind2=" ">
         <marc:subfield code="a">DE-576</marc:subfield>
         <marc:subfield code="b">ger</marc:subfield>
         <marc:subfield code="c">DE-576</marc:subfield>
         <marc:subfield code="e">rda</marc:subfield>
      </marc:datafield>
      <marc:datafield tag="041" ind1=" " ind2=" ">
         <marc:subfield code="a">ger</marc:subfield>
      </marc:datafield>
      <marc:datafield tag="084" ind1=" " ind2=" ">
         <marc:subfield code="a">AP 81500</marc:subfield>
         <marc:subfield code="2">rvk</marc:subfield>
         <marc:subfield code="0">(DE-625)rvk/7995:</marc:subfield>
      </marc:datafield>
      <marc:datafield tag="111" ind1="2" ind2=" ">
         <marc:subfield code="a">Internationale Sommerakademie des Tanzes</marc:subfield>
         <marc:subfield code="n">24.</marc:subfield>
         <marc:subfield code="d">1980</marc:subfield>
         <marc:subfield code="c">Köln</marc:subfield>
         <marc:subfield code="j">VerfasserIn</marc:subfield>
         <marc:subfield code="0">(DE-588)1127058851</marc:subfield>
         <marc:subfield code="0">(DE-627)881447412</marc:subfield>
         <marc:subfield code="0">(DE-576)483180041</marc:subfield>
         <marc:subfield code="4">aut</marc:subfield>
      </marc:datafield>
      <marc:datafield tag="245" ind1="1" ind2="0">
         <marc:subfield code="a">24. Internationale Sommerakademie des Tanzes, 22. Juni bis 6. Juli 1980, Stadion Müngersdorf, 8. Woche des modernen Tanzes, 22. Juni bis 30. Juni 1980, Opernhaus/Schauspielhaus, Veranstalter: Tanzforum/Oper der Stadt Köln, 11. Choreographischer Wettbewerb, 5. bis 7. Juli 1980, Musikhochschule Köln</marc:subfield>
      </marc:datafield>
      <marc:datafield tag="264" ind1=" " ind2="1">
         <marc:subfield code="a">Köln</marc:subfield>
         <marc:subfield code="b">Tanzakademie</marc:subfield>
         <marc:subfield code="c">[1980?]</marc:subfield>
      </marc:datafield>
      <marc:datafield tag="300" ind1=" " ind2=" ">
         <marc:subfield code="a">28 Seiten</marc:subfield>
         <marc:subfield code="b">Illustrationen</marc:subfield>
      </marc:datafield>
      <marc:datafield tag="336" ind1=" " ind2=" ">
         <marc:subfield code="a">Text</marc:subfield>
         <marc:subfield code="b">txt</marc:subfield>
         <marc:subfield code="2">rdacontent</marc:subfield>
      </marc:datafield>
      <marc:datafield tag="337" ind1=" " ind2=" ">
         <marc:subfield code="a">ohne Hilfsmittel zu benutzen</marc:subfield>
         <marc:subfield code="b">n</marc:subfield>
         <marc:subfield code="2">rdamedia</marc:subfield>
      </marc:datafield>
      <marc:datafield tag="338" ind1=" " ind2=" ">
         <marc:subfield code="a">Band</marc:subfield>
         <marc:subfield code="b">nc</marc:subfield>
         <marc:subfield code="2">rdacarrier</marc:subfield>
      </marc:datafield>
      <marc:datafield tag="655" ind1=" " ind2="7">
         <marc:subfield code="a">Konferenzschrift</marc:subfield>
         <marc:subfield code="0">(DE-588)1071861417</marc:subfield>
         <marc:subfield code="0">(DE-627)826484824</marc:subfield>
         <marc:subfield code="0">(DE-576)433375485</marc:subfield>
         <marc:subfield code="2">gnd-content</marc:subfield>
      </marc:datafield>
      <marc:datafield tag="711" ind1="2" ind2=" ">
         <marc:subfield code="a">Woche des modernen Tanzes</marc:subfield>
         <marc:subfield code="n">8.</marc:subfield>
         <marc:subfield code="d">1980</marc:subfield>
         <marc:subfield code="c">Köln</marc:subfield>
         <marc:subfield code="j">VerfasserIn</marc:subfield>
         <marc:subfield code="0">(DE-588)112705905X</marc:subfield>
         <marc:subfield code="0">(DE-627)881447714</marc:subfield>
         <marc:subfield code="0">(DE-576)483180262</marc:subfield>
         <marc:subfield code="4">aut</marc:subfield>
      </marc:datafield>
      <marc:datafield tag="711" ind1="2" ind2=" ">
         <marc:subfield code="a">Choreographischer Wettbewerb</marc:subfield>
         <marc:subfield code="n">11.</marc:subfield>
         <marc:subfield code="d">1980</marc:subfield>
         <marc:subfield code="c">Köln</marc:subfield>
         <marc:subfield code="j">VerfasserIn</marc:subfield>
         <marc:subfield code="0">(DE-588)1127058932</marc:subfield>
         <marc:subfield code="0">(DE-627)881447536</marc:subfield>
         <marc:subfield code="0">(DE-576)483180602</marc:subfield>
         <marc:subfield code="4">aut</marc:subfield>
      </marc:datafield>
      <marc:datafield tag="936" ind1="r" ind2="v">
         <marc:subfield code="a">AP 81500</marc:subfield>
         <marc:subfield code="b">Tagungs- und Kongressberichte (CSN)</marc:subfield>
         <marc:subfield code="k">Allgemeines</marc:subfield>
         <marc:subfield code="k">Medien- und Kommunikationswissenschaften, Kommunikationsdesign</marc:subfield>
         <marc:subfield code="k">Tanz</marc:subfield>
         <marc:subfield code="k">Bibliografien, Sammelschriften</marc:subfield>
         <marc:subfield code="k">Tagungs- und Kongressberichte (CSN)</marc:subfield>
         <marc:subfield code="0">(DE-627)1270693069</marc:subfield>
         <marc:subfield code="0">(DE-625)rvk/7995:</marc:subfield>
         <marc:subfield code="0">(DE-576)200693069</marc:subfield>
      </marc:datafield>
      <marc:datafield tag="951" ind1=" " ind2=" ">
         <marc:subfield code="a">BO</marc:subfield>
      </marc:datafield>
   </marc:record>